@Misc{xbox360,
  key =      {xbox360},
  title = 	 {Xbox 360 Controller Input with XInput},
  howpublished = {Online \url{http://www.codeproject.com/Articles/26949/Xbox-360-Controller-Input-in-C-with-XInput}}},
  month = 	 aug,
  year = 	 2008
}

@Misc{hp20bmanual,
  key =      {hp20bmanual},
  title = 	 {HP-20b Business Consultant Financial Calculator Manual},
  howpublished = {Online \url{http://h10010.www1.hp.com/wwpc/pscmisc/vac/us/product_pdfs/HP_20b_Online_Manual.pdf}}},
  month = 	 jun,
  year = 	 2008
}
 
@Misc{libsdl,
  author =	 {Sam Latinga},
  key =      {libsdl},
  title = 	 {Simple DirectMedia Layer},
  howpublished = {Online \url{http://www.libsdl.org/intro.en/toc.html}}},
  month = 	 feb,
  year = 	 2012
}
 
@Misc{rpninfo,
  key =      {rpninfo},
  title = 	 {Reverse Polish Notation and HP},
  howpublished = {Online \url{http://h20331.www2.hp.com/hpsub/us/en/rpn-calculator.html}}},
  month = 	 mar,
  year = 	 2011
}

@Misc{hp20b-repurposing,
  key =      {hp-20b},
  title = 	 {HP-20b Repurposing Project},
  howpublished = {Online \url{http://www.wiki4hp.com/doku.php?id=20b:repurposing_project}}},
  month = 	 jul,
  year = 	 2008
}

@Misc{openglsuperbible,
	key = {openglsuperbible},
	title = {OpenGL Superbible},
	howpublished = {Online\url{http://opengl.czweb.org/ch14/457-462.html}}},
	month = aug,
	year = 1996
}

@Article{brebisson2009how,
  author = 	 {Cyrille de Br\'ebisson},
  title = 	 {How to Repurpose a Development Platform},
  journal =  {Circuit Cellar},
  year = 	 2009,
  volume = 	 232,
  pages = 	 {44--49},
  month = 	 nov,
  annote = 	 {Where I first learned about HP 20b development}
}

@Book{strunk1999elements,
  author = 	 {William Strunk~Jr. and E. B. White},
  title = 	 {The Elements of Style},
  publisher = 	 {Longman},
  year = 	 1999,
  edition = 	 {Fourth},
  annote = 	 {The classic English style manual}
}